@article{ClassificationOptSurvey,
title = "Optimization approaches to Supervised Classification",
journal = "European Journal of Operational Research",
volume = "261",
number = "2",
pages = "772 - 788",
year = "2017",
issn = "0377-2217",
doi = "https://doi.org/10.1016/j.ejor.2017.02.020",
url = "http://www.sciencedirect.com/science/article/pii/S037722171730142X",
author = "A. Pedro Duarte Silva",
keywords = "Multivariate statistics, Discriminant analysis, Mathematical programming, Support vector machines"
}

@book{statisticallearning,
  title={The nature of statistical learning theory},
  author={Vapnik, Vladimir},
  year={2013},
  publisher={Springer science \& business media}
}

@inproceedings{maxrecall,
  title={Algorithms for active classifier selection: Maximizing recall with precision constraints},
  author={Bennett, Paul N and Chickering, David M and Meek, Christopher and Zhu, Xiaojin},
  booktitle={Proceedings of the Tenth ACM International Conference on Web Search and Data Mining},
  pages={711--719},
  year={2017}
}

@inproceedings{svmhyper,
  title={To tune or not to tune: recommending when to adjust SVM hyper-parameters via meta-learning},
  author={Mantovani, Rafael G and Rossi, Andr{\'e} LD and Vanschoren, Joaquin and Bischl, Bernd and Carvalho, Andr{\'e} CPLF},
  booktitle={2015 International Joint Conference on Neural Networks (IJCNN)},
  pages={1--8},
  year={2015},
  organization={Ieee}
}

@article{countingapprox,
  title={The complexity and approximability of finding maximum feasible subsystems of linear relations},
  author={Amaldi, Edoardo and Kann, Viggo},
  journal={Theor. Comput. Sci.},
  volume={147},
  number={1\&2},
  pages={181--210},
  year={1995}
}

@article{densehemisphere,
  title={The densest hemisphere problem},
  author={Johnson, David S. and Preparata, Franco P},
  journal={Theoretical Computer Science},
  volume={6},
  number={1},
  pages={93--107},
  year={1978},
  publisher={Elsevier}
}

@article{sims2004,
  author="O. Asparouhov and P. Rubin",
  title = "Oscillation Heuristics for the Two-group Classification Problem",
  journal = "Journal of Classification",
  volume = 21, 
  pages = "255-–277",
  year = 2004
}

@article{bennett1997parametric,
  title={A parametric optimization method for machine learning},
  author={Bennett, Kristin P and Bredensteiner, Erin J},
  journal={INFORMS Journal on Computing},
  volume={9},
  number={3},
  pages={311--318},
  year={1997},
  publisher={INFORMS}
}

@article{mlexplainability,
author = {Du, Mengnan and Liu, Ninghao and Hu, Xia},
title = {Techniques for Interpretable Machine Learning},
year = {2019},
issue_date = {December 2019},
publisher = {Association for Computing Machinery},
address = {New York, NY, USA},
volume = {63},
number = {1},
issn = {0001-0782},
url = {https://doi.org/10.1145/3359786},
doi = {10.1145/3359786},
journal = {Commun. ACM},
month = dec,
pages = {68–77},
numpages = {10}
}

@masterthesis{yiming,
author = "Yiming Chen",
title = "Wide-Reach Classification",
school = "Case Western Reserve University",
year = 2020,
note = "In progress"
}

@inproceedings{svmboost,
author = {Rangel, Pedro and Lozano, Fernando and Garcia, Elkin},
title = {Boosting of Support Vector Machines with Application to Editing},
year = {2005},
isbn = {0769524958},
publisher = {IEEE Computer Society},
address = {USA},
url = {https://doi.org/10.1109/ICMLA.2005.13},
doi = {10.1109/ICMLA.2005.13},
booktitle = {Proceedings of the Fourth International Conference on Machine Learning and Applications},
pages = {374–382},
numpages = {9},
series = {ICMLA ’05}
}


@article{rndvect,
author = {Muller, Mervin E.},
title = "A Note on a Method for Generating Points Uniformly on $N$-Dimensional Spheres",
year = {1959},
issue_date = {April 1959},
publisher = {Association for Computing Machinery},
address = {New York, NY, USA},
volume = {2},
number = {4},
issn = {0001-0782},
url = {https://doi.org/10.1145/377939.377946},
doi = {10.1145/377939.377946},
journal = {Commun. ACM},
month = apr,
pages = {1920},
numpages = {2}
}
  

  
